<record><leader>00000cas a22000007a 4500</leader><controlfield tag="001">20058833</controlfield><controlfield tag="008">890724d18961961mduwr ne      0    0eng d</controlfield><datafield ind1=" " ind2=" " tag="010"><subfield code="a">sn 89061524 </subfield></datafield><datafield ind1=" " ind2=" " tag="040"><subfield code="a">MFN</subfield><subfield code="b">eng</subfield><subfield code="c">MFN</subfield><subfield code="d">NSD</subfield><subfield code="d">NVK</subfield><subfield code="d">OCLCQ</subfield><subfield code="d">OCLCF</subfield><subfield code="d">OCLCO</subfield></datafield><datafield ind1="1" ind2=" " tag="029"><subfield code="a">AU@</subfield><subfield code="b">000020564745</subfield></datafield><datafield ind1=" " ind2=" " tag="042"><subfield code="a">msc</subfield></datafield><datafield ind1=" " ind2=" " tag="043"><subfield code="a">n-us-md</subfield></datafield><datafield ind1="0" ind2="4" tag="245"><subfield code="a">The Easton star-Democrat.</subfield></datafield><datafield ind1=" " ind2=" " tag="260"><subfield code="a">Easton, Md. :</subfield><subfield code="b">Easton Pub. Co.</subfield></datafield><datafield ind1=" " ind2=" " tag="300"><subfield code="a">v.</subfield></datafield><datafield ind1=" " ind2=" " tag="310"><subfield code="a">Weekly</subfield></datafield><datafield ind1="1" ind2=" " tag="362"><subfield code="a">Began in 1896?</subfield></datafield><datafield ind1="0" ind2=" " tag="362"><subfield code="a">-v. 114, no. 46 (Nov. 1, 1913) ; 114th year, no. 47 (Nov. 8, 1913)-161st year, no. 39 (June 2, 1961).</subfield></datafield><datafield ind1=" " ind2=" " tag="500"><subfield code="a">Special Historical and industrial supplement edited and compiled by Albert E. Walker, Mar. 25, 1911.</subfield></datafield><datafield ind1=" " ind2=" " tag="588"><subfield code="a">Description based on: Vol. 106, no. 16 (Apr. 22, 1905).</subfield></datafield><datafield ind1=" " ind2="0" tag="651"><subfield code="a">Easton (Md.)</subfield><subfield code="v">Newspapers.</subfield></datafield><datafield ind1=" " ind2="7" tag="655"><subfield code="a">Newspapers.</subfield><subfield code="2">fast</subfield><subfield code="0">(OCoLC)fst01423814</subfield></datafield><datafield ind1=" " ind2="7" tag="651"><subfield code="a">Maryland</subfield><subfield code="z">Easton.</subfield><subfield code="2">fast</subfield><subfield code="0">(OCoLC)fst01206532</subfield></datafield><datafield ind1=" " ind2=" " tag="752"><subfield code="a">United States</subfield><subfield code="b">Maryland</subfield><subfield code="c">Talbot</subfield><subfield code="d">Easton.</subfield></datafield><datafield ind1="0" ind2="4" tag="780"><subfield code="t">Easton star</subfield><subfield code="w">(DLC)sn 83016231</subfield></datafield><datafield ind1="0" ind2="4" tag="780"><subfield code="t">Easton Democrat</subfield><subfield code="w">(DLC)sn 89060255</subfield></datafield><datafield ind1="0" ind2="0" tag="785"><subfield code="t">Star-Democrat (Easton, Md.)</subfield><subfield code="x">1065-2345</subfield><subfield code="w">(DLC)sn 89060122</subfield></datafield></record>